@article{Reference1,
	Abstract = {We have developed an enhanced Littrow configuration extended cavity diode laser (ECDL) that can be tuned without changing the direction of the output beam. The output of a conventional Littrow ECDL is reflected from a plane mirror fixed parallel to the tuning diffraction grating. Using a free-space Michelson wavemeter to measure the laser wavelength, we can tune the laser over a range greater than 10 nm without any alteration of alignment.},
	Author = {C. J. Hawthorn and K. P. Weber and R. E. Scholten},
	Journal = {Review of Scientific Instruments},
	Month = {December},
	Number = {12},
	Numpages = {3},
	Pages = {4477--4479},
	Title = {Littrow Configuration Tunable External Cavity Diode Laser with Fixed Direction Output Beam},
	Volume = {72},
	Url = {http://link.aip.org/link/?RSI/72/4477/1},
	Year = {2001}}

@article{Reference3,
	Abstract = {Operating a laser diode in an extended cavity which provides frequency-selective feedback is a very effective method of reducing the laser's linewidth and improving its tunability. We have developed an extremely simple laser of this type, built from inexpensive commercial components with only a few minor modifications. A 780~nm laser built to this design has an output power of 80~mW, a linewidth of 350~kHz, and it has been continuously locked to a Doppler-free rubidium transition for several days.},
	Author = {A. S. Arnold and J. S. Wilson and M. G. Boshier},
	Journal = {Review of Scientific Instruments},
	Month = {March},
	Number = {3},
	Numpages = {4},
	Pages = {1236--1239},
	Title = {A Simple Extended-Cavity Diode Laser},
	Volume = {69},
	Url = {http://link.aip.org/link/?RSI/69/1236/1},
	Year = {1998}}

@article{Reference2,
	Abstract = {We present a review of the use of diode lasers in atomic physics with an extensive list of references. We discuss the relevant characteristics of diode lasers and explain how to purchase and use them. We also review the various techniques that have been used to control and narrow the spectral outputs of diode lasers. Finally we present a number of examples illustrating the use of diode lasers in atomic physics experiments. Review of Scientific Instruments is copyrighted by The American Institute of Physics.},
	Author = {Carl E. Wieman and Leo Hollberg},
	Journal = {Review of Scientific Instruments},
	Keywords = {Diode Laser},
	Month = {January},
	Number = {1},
	Numpages = {20},
	Pages = {1--20},
	Title = {Using Diode Lasers for Atomic Physics},
	Volume = {62},
	Url = {http://link.aip.org/link/?RSI/62/1/1},
	Year = {1991}}


	% Abbreviations

	@PREAMBLE{ {\providecommand{\noopsort}[1]{}} }

	@string{W             = {Wiley}}
	@string{W.adr         = {New York}}
	@string{BV            = {Birkh\"{a}user Verlag}}
	@string{BV.adr        = {Boston}}
	@string{CWIT40        = {CWI Tract 40, Center for Mathematics and Computer Science}}
	@String{CWIT40.adr    = {Amsterdam, the Netherlands}}


	@article{pot74,
	      title={Residual life time at great age},
	      author={Balkema, August A and de Haan, Laurens},
	      journal={The Annals of probability},
	      pages={792--804},
	      year={1974},
	      publisher={JSTOR}
	}

	@book{beirlant,
	      title={Statistics of extremes: theory and applications},
	      author={Beirlant, Jan and Goegebeur, Yuri and Segers, Johan and Teugels, Jozef},
	      year={2006},
	      publisher={John Wiley \& Sons}
	}

	@BOOK{Binghametal:87,
	      title={Regular variation},
	      author={Bingham, Nicholas H and Goldie, Charles M and Teugels, Jef L},
	      volume={27},
	      year={1989},
	      publisher={Cambridge university press}
	}

	@BOOK{bishop,
	      title={Pattern recognition and machine learning},
	      author={Bishop, Christopher M.},
	      year={2006},
	      publisher={Springer}
	}

	@article{char14,
	      title={A refined parametric model for short term load forecasting},
	      author={Charlton, Nathaniel and Singleton, Colin},
	      journal={International Journal of Forecasting},
	      volume={30},
	      number={2},
	      pages={364--368},
	      year={2014},
	      publisher={Elsevier}
	}

	@ARTICLE{ChengAmin:79,
	      title={Maximum product of spacings estimation with application to the lognormal distribution},
	      author={Cheng, Russell C H and Amin, NAK},
	      journal={Math Report},
	      volume={79},
	      number={1},
	      year={1979},
	      publisher={Department of Mathematics, UWIST Cardiff, UK}
	}

	@article{douglas98,
	      title={The impacts of temperature forecast uncertainty on Bayesian load forecasting},
	      author={Douglas, Andrew P and Breipohl, Arthur M and Lee, Fred N and Adapa, Rambabu},
	      journal={IEEE Transactions on Power Systems},
	      volume={13},
	      number={4},
	      pages={1507--1513},
	      year={1998},
	      publisher={IEEE}
	}

	@article{einmahl16,
	      title={Statistics of heteroscedastic extremes},
	      author={Einmahl, John HJ and Haan, Laurens and Zhou, Chen},
	      journal={Journal of the Royal Statistical Society: Series B (Statistical Methodology)},
	      volume={78},
	      number={1},
	      pages={31--51},
	      year={2016},
	      publisher={Wiley Online Library}
	}

	@Misc{elexon,
	      Author = "LTD ELEXON",
	      Title  = "\emph{Profiling}",
	      Note   = "\url{https://www.elexon.co.uk/reference/technical-operations/profiling/}
	               [Accessed: 26-06-2017]",
	      year = 2015,
	}

	@book{embrechts,
	      title={Modelling extremal events: for insurance and finance},
	      author={Embrechts, Paul and Kl{\"u}ppelberg, Claudia and Mikosch, Thomas},
	      volume={33},
	      year={2013},
	      publisher={Springer Science \& Business Media}
	}

	@ARTICLE{FdeH:15,
	      title={On the block maxima method in extreme value theory: PWM estimators},
	      author={Ferreira, Ana and de Haan, Laurens and others},
	      journal={The Annals of statistics},
	      volume={43},
	      number={1},
	      pages={276--298},
	      year={2015},
	      publisher={Institute of Mathematical Statistics}
	}

	@article{ferreira17,
	      AUTHOR  = {Ferreira, Ana and Friederichs, Petra and de Haan, Laurens and Neves, Claudia and Schlather, Martin},
	      TITLE   = {Estimating Space-Time Trend and Dependency of Heavy Rainfall},
	      JOURNAL = {Biometrika},
	      VOLUME  = {103},
	      YEAR    = {2017},
	      PAGES   = {1--23},
	}


	@INPROCEEDINGS{ft28,
	      title={Limiting forms of the frequency distribution of the largest or smallest member of a sample},
	      author={Fisher, Ronald Aylmer and Tippett, Leonard Henry Caleb},
	      booktitle={Mathematical Proceedings of the Cambridge Philosophical Society},
	      volume={24},
	      issue={02},
	      pages={180--190},
	      year={1928},
	      organization={Cambridge Univ Press}
	}

	@article{frey07,
	      title={Clustering by passing messages between data points},
	      author={Frey, Brendan J and Dueck, Delbert},
	      journal={science},
	      volume={315},
	      number={5814},
	      pages={972--976},
	      year={2007},
	      publisher={American Association for the Advancement of Science}
	}

	@ARTICLE{Gnedenko:43,
	      title={Sur la distribution limite du terme maximum d'une serie aleatoire},
	      author={Gnedenko, Boris},
	      journal={Annals of mathematics},
	      pages={423--453},
	      year={1943},
	      publisher={JSTOR}
	}

	@ARTICLE{deHaan:70,
	      title={On regular variation and its application to the weak convergence of sample extremes},
	      author="{\noopsort{Haan}}{de Haan}",
	      journal={MC Tracts},
	      volume={32},
	      pages={1--124},
	      year={1975},
	      publisher={Centrum Voor Wiskunde en Informatica}
	}

	@BOOK{deHF:06,
	      title={Extreme value theory: an introduction},
	      author={{\noopsort{Haan}}{de Haan}, Laurens and Ferreira, Ana},
	      year={2007},
	      publisher={Springer Science \& Business Media}
	}

	@article{dan14,
	      title={A new error measure for forecasts of household-level, high resolution electrical energy consumption},
	      author={Haben, Stephen and Ward, Jonathan and Greetham, Danica Vukadinovic and Singleton, Colin and Grindrod, Peter},
	      journal={International Journal of Forecasting},
	      volume={30},
	      number={2},
	      pages={246--256},
	      year={2014},
	      publisher={Elsevier}
	}

	@article{danEV17,
	      title={Green neighbourhoods in low voltage networks: measuring impact of electric vehicles and photovoltaics on load profiles},
	      author={Hattam, Laura and Greetham, Danica Vukadinovic},
	      journal={Journal of Modern Power Systems and Clean Energy},
	      volume={5},
	      number={1},
	      pages={105--116},
	      year={2017},
	      publisher={Springer}
	}

	@article{hong16,
	      title={Probabilistic electric load forecasting: A tutorial review},
	      author={Hong, Tao and Fan, Shu},
	      journal={International Journal of Forecasting},
	      volume={32},
	      number={3},
	      pages={914--938},
	      year={2016},
	      publisher={Elsevier}
	}

	@book{bk:mixmod,
	      title={Mixture models: Inference and applications to clustering},
	      author={McLachlan, Geoffrey J. and Basford, Kaye E.},
	      volume={84},
	      year={1988},
	      publisher={Marcel Dekker}
	}

	@article{pot75,
	      title={Statistical inference using extreme order statistics},
	      author={Pickands III, James},
	      journal={the Annals of Statistics},
	      pages={119--131},
	      year={1975},
	      publisher={JSTOR}
	}

	@article{Ranneby:84,
	      title={The maximum spacing method. An estimation method related to the maximum likelihood method},
	      author={Ranneby, Bo},
	      journal={Scandinavian Journal of Statistics},
	      pages={93--112},
	      year={1984},
	      publisher={JSTOR}
	}

	@inproceedings{cbaf,
	      title={Cluster-based aggregate forecasting for residential electricity demand using smart meter data},
	      author={Wijaya, Tri Kurniawan and Vasirani, Matteo and Humeau, Samuel and Aberer, Karl},
	      booktitle={Big Data (Big Data), 2015 IEEE International Conference on},
	      pages={879--887},
	      year={2015},
	      organization={IEEE}
	}

	@Manual{fExtremes,
	      title={fextremes: Rmetrics-extreme financial market data},
	      author={Wuertz, Diethelm and others},
	      journal={R package version},
	      volume={2100},
	      year={2006}
	}
