% Abbreviations

@string{W             = {Wiley}}
@string{W.adr         = {New York}}
@string{BV            = {Birkh\"{a}user Verlag}}
@string{BV.adr        = {Boston}}
@string{CWIT40        = {CWI Tract 40, Center for Mathematics and Computer Science}}
@String{CWIT40.adr    = {Amsterdam, the Netherlands}}



@BOOK{Beirlantetal:04,
  AUTHOR  = {Beirlant, J. and Goegebeur, Y. and Segers, J. and Teugels, J.},
  TITLE   = {Statistics of Extremes},
  PUBLISHER=W,
  ADDRESS = W.adr,
  YEAR    = {2004}
}


@BOOK{Binghametal:87,
  AUTHOR  = {Bingham, N. H. and Goldie, C.M. and Teugels, J. L.},
  TITLE   = {Regular Variation},
  PUBLISHER={Encyclopedia of Mathematics and its Applications, vol. 27},
  ADDRESS = {Cambridge University Press},
  YEAR    = {1987}
}

@ARTICLE{ChengAmin:79,
  AUTHOR  = {Cheng, R. C. H. and Amin, N. A. K.},
  TITLE   = {Maximum product of spacings estimation with application to the lognormal distribution},
  JOURNAL = { Math. Report 79-1, University of Wales Institute of Science and Technology, Cardiff.},
  YEAR    = {1979},
}



@ARTICLE{Dombry:15,
  AUTHOR  = {Dombry, C.},
  TITLE   = {Existence and consistency of the maximum likelihood estimators for the extreme value index within the block maxima framework},
  JOURNAL = {Bernoulli},
  FJOURNAL= {Bernoulli},
  VOLUME  = {21},
  NUMBER = {1},
  YEAR    = {2015},
  PAGES   = {420--436},
}


@article{Drees:2004,
author = "Drees, H. and Ferreira, A. and de Haan, L.",
journal = "Ann. Appl. Probab.",
number = "3",
pages = "1179--1201",
publisher = "The Institute of Mathematical Statistics",
title = "On maximum likelihood estimation of the extreme value index",
volume = "14",
year = "2004"
}



@ARTICLE{FerrariPaterlini:09,
  AUTHOR  = {Ferrari, D. and Paterlini, S.},
  TITLE   = {The maximum {L}q-likelihood method: an application to extreme quantile estimation in finance},
  JOURNAL = {Methodol. Comput. Appl. Probab.},
  FJOURNAL= {},
  VOLUME  = {11},
  NUMBER = {},
  YEAR    = {2009},
  PAGES   = {3--19},
}

@ARTICLE{FerrariYang:10,
  AUTHOR  = {Ferrari, D. and Yang, Y.},
  TITLE   = {Maximum {LQ}-likelihood estimation},
  JOURNAL = {Ann. Statist.},
  FJOURNAL= {The Annals of Statistics},
  VOLUME  = {38},
  NUMBER = {2},
  YEAR    = {2010},
  PAGES   = {753--783},
}



@ARTICLE{FdeH:15,
  AUTHOR  = {Ferreira, A. and de Haan, L.},
  TITLE   = {On the block maxima method in extreme value theory: {PWM} estimators},
  JOURNAL = {Ann. Statist.},
  FJOURNAL= {The Annals of Statistics},
  VOLUME  = {43},
  NUMBER = {1},
  YEAR    = {2015},
  PAGES   = {276--298},
}



@ARTICLE{FisherTippett:28,
  AUTHOR  = {Fisher, R. A.  and Tippett, L. H. C.},
  TITLE   = {Limiting forms of the frequency distribution of the largest and smallest member of a sample},
  JOURNAL = {Math. Proc. Cambridge Philos. Soc.},
  FJOURNAL= {Mathematical Proceedings of the Cambridge Philosophical Society},
  VOLUME  = {24},
  YEAR    = {1928},
  PAGES   = {180--190},
}

@ARTICLE{Gnedenko:43,
  AUTHOR  = {Gnedenko, B. V.},
  TITLE   = {Sur la distribution limite du terme maximum d'une s\'{e}rie al\'{e}atoire},
  JOURNAL = {Ann. of Math.},
  FJOURNAL= {Annals of Mathematics},
  VOLUME  = {44},
  YEAR    = {1943},
  PAGES   = {423--453},
}


@BOOK{deHaan:70,
  AUTHOR  = {de {H}aan, L.},
  TITLE   = {On regular variation and its application to the weak convergence of sample extremes},
  PUBLISHER=CWIT40,
  ADDRESS=CWIT40.adr,
  YEAR    = {1970}
}


@BOOK{deHF:06,
  AUTHOR  = {de {Haan}, L. and Ferreira, A.},
  TITLE   = {Extreme Value Theory: An Introduction},
  PUBLISHER={Springer},
  ADDRESS = {},
  YEAR    = {2006},
}



@article{Ranneby:84,
  AUTHOR  = {Ranneby, B.},
  TITLE   = {The maximum spacing method. An estimation method related to the maximum likelihood method},
  JOURNAL = {Scand. J. Statist.},
  VOLUME  = {11},
  YEAR    = {1984},
  PAGES   = {93--112},
}



@article{Zhou:10,
title = "The extent of the maximum likelihood estimator for the extreme value index ",
journal = "Journal of Multivariate Analysis ",
volume = "101",
number = "4",
pages = "971 - 983",
year = "2010",
 author = "Zhou, C.",
}


}
